@book{2007软件工程,
  title={软件工程},
  isbn={9787302144458},
  series={21世纪大学本科计算机专业系列教材},
  url={http://books.google.com.hk/books?id=KhdzHwAACAAJ},
  year={2007},
  publisher={清华大学出版社}
}
